<record xmlns='http://www.loc.gov/MARC21/slim'><leader>01171cim a22002652u 4500</leader><controlfield tag='001'>3604984</controlfield><controlfield tag='005'>20151214183459.0</controlfield><controlfield tag='007'>ss|lmnjluz|nuu</controlfield><controlfield tag='008'>991101s1993    nyunnn         l    eng d</controlfield><datafield ind1=' ' ind2=' ' tag='035'><subfield code='a'>(NIC)notisASG2049</subfield></datafield><datafield ind1=' ' ind2=' ' tag='035'><subfield code='a'>3604984</subfield></datafield><datafield ind1=' ' ind2=' ' tag='035'><subfield code='a'>(OCoLC)63903805</subfield></datafield><datafield ind1=' ' ind2=' ' tag='040'><subfield code='a'>NIC</subfield><subfield code='c'>NIC</subfield><subfield code='d'>NIC</subfield></datafield><datafield ind1='1' ind2=' ' tag='100'><subfield code='a'>Hascup, George.</subfield></datafield><datafield ind1='1' ind2='0' tag='245'><subfield code='a'>What is good design, and do we see any on the Cornell campus?</subfield><subfield code='h'>[sound recording]</subfield></datafield><datafield ind1=' ' ind2=' ' tag='260'><subfield code='c'>1993.</subfield></datafield><datafield ind1=' ' ind2=' ' tag='300'><subfield code='a'>2 sound cassettes (83 min.) :</subfield><subfield code='b'>analog, mono.</subfield></datafield><datafield ind1=' ' ind2=' ' tag='500'><subfield code='a'>Recorded in Ithaca, NY by Cornell University.</subfield></datafield><datafield ind1=' ' ind2=' ' tag='500'><subfield code='a'>Sponsored by: College of Achitecture, Art and Planning.</subfield></datafield><datafield ind1=' ' ind2=' ' tag='500'><subfield code='a'>Speaker(s): Professor of architecture, Cornell.</subfield></datafield><datafield ind1=' ' ind2=' ' tag='518'><subfield code='a'>Lecture, June 12, 1993.</subfield></datafield><datafield ind1=' ' ind2=' ' tag='520'><subfield code='a'>In his seminar, part of the 1993 Alumni Weekend, Hascup discusses various locations or structures on the Cornell campus which exhibit &quot;good design&quot; principles.  Some of these locations include the Arts Quad, the Johnson Art Museum, the McGraw clock tower at Uris Library, the Law School buidlings, and the Performing Arts Center.</subfield></datafield><datafield ind1=' ' ind2='0' tag='830'><subfield code='a'>Alumni reunion weekend.</subfield></datafield><datafield ind1='1' ind2=' ' tag='899'><subfield code='a'>CULectures</subfield></datafield><datafield ind1=' ' ind2=' ' tag='905'><subfield code='a'>19991201120000.0</subfield></datafield></record>